@inproceedings{chen2022pi2,
  title={PI2: End-to-end Interactive Visualization Interface Generation from Queries},
  author={Chen, Yiru and Wu, Eugene},
  booktitle={Proceedings of the 2022 International Conference on Management of Data},
  pages={1711--1725},
  year={2022}
}

@article{scholak2021picard,
  title={PICARD: Parsing incrementally for constrained auto-regressive decoding from language models},
  author={Scholak, Torsten and Schucher, Nathan and Bahdanau, Dzmitry},
  journal={arXiv preprint arXiv:2109.05093},
  year={2021}
}

@article{chen2021evaluating,
  title={Evaluating large language models trained on code},
  author={Chen, Mark and Tworek, Jerry and Jun, Heewoo and Yuan, Qiming and Pinto, Henrique Ponde de Oliveira and Kaplan, Jared and Edwards, Harri and Burda, Yuri and Joseph, Nicholas and Brockman, Greg and others},
  journal={arXiv preprint arXiv:2107.03374},
  year={2021}
}

@inproceedings{pi2demo,
author = {Tao, Jeffrey and Chen, Yiru and Wu, Eugene},
title = {Demonstration of PI2: Interactive Visualization Interface Generation for SQL Analysis in Notebook},
year = {2022},
isbn = {9781450392495},
publisher = {Association for Computing Machinery},
address = {New York, NY, USA},
url = {https://doi.org/10.1145/3514221.3520153},
doi = {10.1145/3514221.3520153},
abstract = {We demonstrate PI2, the first notebook extension that can automatically generate interactive visualization interfaces during SQL-based analyses.},
booktitle = {Proceedings of the 2022 International Conference on Management of Data},
pages = {2365–2368},
numpages = {4},
keywords = {interface generation, data visualization, notebook analysis, database usability},
location = {Philadelphia, PA, USA},
series = {SIGMOD '22}
}

@article{zeng2021we,
  title={Are We There Yet? A Review on Existing Perceptual Theory and Experiment Support for Visualization Recommendation Systems},
  author={Zeng, Zehua and Xie, Minhui and Gouzoulis, Matthew and Battle, Leilani},
  journal={arXiv preprint arXiv:2109.01271},
  year={2021}
}

@inproceedings{accot1997beyond,
  title={Beyond Fitts' law: models for trajectory-based HCI tasks},
  author={Accot, Johnny and Zhai, Shumin},
  booktitle={Proceedings of the ACM SIGCHI Conference on Human factors in computing systems},
  pages={295--302},
  year={1997}
}
@article{brehmer2013multi,
  title={A multi-level typology of abstract visualization tasks},
  author={Brehmer, Matthew and Munzner, Tamara},
  journal={IEEE transactions on visualization and computer graphics},
  volume={19},
  number={12},
  pages={2376--2385},
  year={2013},
  publisher={IEEE}
}
@book{munzner2014visualization,
  title={Visualization analysis and design},
  author={Munzner, Tamara},
  year={2014},
  publisher={CRC press}
}
@misc{react,
  title={A JavaScript library for building user interfaces},
  author={React},
  howpublished={\url{https://reactjs.org/}},
  year=2021
}
@misc{nytcoviddata,
  title={Coronavirus (Covid-19) Data in the United States},
  author={New York Times},
  howpublished={\url{https://github.com/nytimes/covid-19-data}},
  year=2021
}

@misc{sdsslogused,
  title={SDSS Weblog SQL Search},
  howpublished={\url{http://skyserver.sdss.org/log/en/traffic/sql.asp?url=http://skyserver.sdss.org/log/en/traffic///help/download/}},
  author={SDSS},
  year=2021
}

@misc{sdssradial,
  title        = {SDSS Skyserver Website}, 
  howpublished = {\url{http://skyserver.sdss.org/dr16/en/tools/search/radial.aspx}},
  author          = {SDSS},
  year=2021
}
@misc{metabasedoc,
  title        = {Metabase Documentation: SQL Parameters}, 
  howpublished = {\url{https://www.metabase.com/docs/latest/users-guide/13-sql-parameters.html}},
  author          = {Metabase},
  year=2021
}
@misc{tableaudoc,
  title        = {Connect to a Custom SQL Query }, 
  howpublished = {\url{https://help.tableau.com/current/pro/desktop/en-us/customsql.htm}},
  author          = {Tableau},
  year=2021
}
@misc{kagglesales,
  title={Dataset: Supermarket Sales},
  howpublished={\url{https://www.kaggle.com/aungpyaeap/supermarket-sales}},
  author={Kaggle},
  year=2021
}
@inproceedings{Coulom2006EfficientSA,
  title={Efficient Selectivity and Backup Operators in Monte-Carlo Tree Search},
  author={R{\'e}mi Coulom},
  booktitle={Computers and Games},
  year={2006}
}
@inproceedings{Kieras1994GOMSMO,
  title={GOMS modeling of user interfaces using NGOMSL},
  author={D. Kieras},
  booktitle={CHI '94},
  year={1994}
}

@article{Jayapandian2009AutomatingTD,
  title={Automating the Design and Construction of Query Forms},
  author={Magesh Jayapandian and H. Jagadish},
  journal={IEEE Transactions on Knowledge and Data Engineering},
  year={2009},
  volume={21},
  pages={1389-1402}
}

@inproceedings{Card1983ThePO,
  title={The psychology of human-computer interaction},
  author={S. Card and T. Moran and A. Newell},
  year={1983}
}
@article{Moritz2019FormalizingVD,
  title={Formalizing Visualization Design Knowledge as Constraints: Actionable and Extensible Models in Draco},
  author={Dominik Moritz and Chenglong Wang and Greg L. Nelson and Halden Lin and Adam M. Smith and Bill Howe and J. Heer},
  journal={IEEE Transactions on Visualization and Computer Graphics},
  year={2019},
  volume={25},
  pages={438-448}
}
@article{Mackinlay2007ShowMA,
  title={Show Me: Automatic Presentation for Visual Analysis},
  author={J. Mackinlay and P. Hanrahan and Chris Stolte},
  journal={IEEE Transactions on Visualization and Computer Graphics},
  year={2007},
  volume={13}
}
@inproceedings{luo2018deepeye,
  title={Deepeye: Towards automatic data visualization},
  author={Luo, Yuyu and Qin, Xuedi and Tang, Nan and Li, Guoliang},
  booktitle={2018 IEEE 34th international conference on data engineering (ICDE)},
  pages={101--112},
  year={2018},
  organization={IEEE}
}
@article{Silver2016MasteringTG,
  title={Mastering the game of Go with deep neural networks and tree search},
  author={D. Silver and Aja Huang and Chris J. Maddison and A. Guez and L. Sifre and G. V. D. Driessche and Julian Schrittwieser and Ioannis Antonoglou and Vedavyas Panneershelvam and Marc Lanctot and S. Dieleman and Dominik Grewe and John Nham and Nal Kalchbrenner and Ilya Sutskever and T. Lillicrap and M. Leach and K. Kavukcuoglu and T. Graepel and D. Hassabis},
  journal={Nature},
  year={2016},
  volume={529},
  pages={484-489}
}

@article{techreport,
  author    = {Yiru Chen and
               Eugene Wu},
  title     = {{PI2:} Generating Visual Analysis Interfaces From Queries (technical report)},
  journal   = {CoRR},
  volume    = {abs/2107.08203},
  year      = {2021},
  url       = {https://arxiv.org/abs/2107.08203},
  eprinttype = {arXiv},
  eprint    = {2107.08203},
  timestamp = {Wed, 21 Jul 2021 15:55:35 +0200},
  biburl    = {https://dblp.org/rec/journals/corr/abs-2107-08203.bib},
  bibsource = {dblp computer science bibliography, https://dblp.org}
}
@inproceedings{wang2021falx,
  title={Falx: Synthesis-Powered Visualization Authoring},
  author={Wang, Chenglong and Feng, Yu and Bodik, Rastislav and Dillig, Isil and Cheung, Alvin and Ko, Amy J},
  booktitle={Proceedings of the 2021 CHI Conference on Human Factors in Computing Systems},
  pages={1--15},
  year={2021}
}
@misc{airtable,
  title        = {Airtable}, 
  howpublished = {https://airtable.com/},
  author={Airtable},
  year=2021
}
@misc{plasmic,
  title        = {Plasmic: The visual builder for your tech stack.}, 
  howpublished = {https://www.plasmic.app/},
  author={Plasmic},
  year=2021
}


@misc{figma,
  title        = {Figma: the collaborative interface design tool.}, 
  howpublished = {https://www.figma.com},
  year=2021,
  author={Figma}
}
@misc{jquery,
  title        = {jQuery}, 
  howpublished = {https://jquery.com/},
  author={JQuery},
  year=2021
}

@inproceedings{mackenzie1992extending,
  title={Extending Fitts' law to two-dimensional tasks},
  author={MacKenzie, I Scott and Buxton, William},
  booktitle={Proceedings of the SIGCHI conference on Human factors in computing systems},
  pages={219--226},
  year={1992}
}

@misc{metabase,
  title        = {Metabase}, 
  howpublished = {https://www.metabase.com},
  year=2021,
  author={Metabase}
}



@misc{retool,
  title        = {Build internal tools, remarkably fast.}, 
  howpublished = {https://www.retool.com},
  year=2021,
  author={Retool}
}


@misc{facets,
  title        = {Facets - Know Your Data}, 
  howpublished = {https://pair-code.github.io/facets/},
  year=2021,
  author={Google}
}

@misc{icheck,
  title        = {iCheck}, 
  howpublished = {icheckuclaim.org},
  year=2021,
  author={iCheck}
}

@misc{tableaucube, 
  title        = {Cube Data Sources},
  howpublished = {https://help.tableau.com/current/pro/desktop/en-us/cubes.htm},
  year=2021,
  author={Tableau}
}


@misc{fivethirtyeight,
  title        = {All Posts Tagged Data Visualization}, 
  howpublished = {https://fivethirtyeight.com/tag/data-visualization/},
  year=2021,
  author={FiveThirtyEight}
}

@misc{peg,
  title        = {PEG parser}, 
  howpublished = {https://en.wikipedia.org/wiki/Parsing\_expression\_grammar},
  year=2021,
  author={Wikipedia}
}


@misc{socketio,
  title        = {socket.io}, 
  howpublished = {https://socket.io/},
  year=2021,
  author={SocketIO}
}


@misc{flask,
  title        = {Welcome to Flask — Flask Documentation (2.0.x)}, 
  howpublished = {https://flask.palletsprojects.com/en/2.0.x/},
  year=2021,
  author={Flask}
}


@misc{knexjs,
  title        = {A SQL Query Builder for Javascript}, 
  howpublished = {http://knexjs.org/},
  year=2021,
  author={Knex.js},
}


@article{Kandel2011WranglerIV,
  title={Wrangler: interactive visual specification of data transformation scripts},
  author={S. Kandel and A. Paepcke and J. Hellerstein and J. Heer},
  journal={Proceedings of the SIGCHI Conference on Human Factors in Computing Systems},
  year={2011}
}

@article{wu2013scorpion,
  title={Scorpion: Explaining away outliers in aggregate queries},
  author={Wu, Eugene and Madden, Samuel},
  year={2013},
  publisher={Association for Computing Machinery (ACM)}
}

@misc{opensourceviz,
  author={Mike Bostock},
  title        = {10 Years of Open-Source Visualization },
  year={2021},
  howpublished = {https://observablehq.com/@mbostock/10-years-of-open-source-visualization},
}

@article{aho1986compilers,
  title={Compilers, principles, techniques},
  author={Aho, Alfred V and Sethi, Ravi and Ullman, Jeffrey D},
  journal={Addison wesley},
  volume={7},
  number={8},
  pages={9},
  year={1986}
}

@misc{COVID-19-Johns-Hopkins,
  title = {{COVID-19 Data Repository}},
  author = {{Johns Hopkins University}},
  howpublished = {\url{https://observablehq.com/@mbostock/10-years-of-open-source-visualization}},
  year={2021}
}


@inproceedings{zhang2019mining,
  title={Mining precision interfaces from query logs},
  author={Zhang, Qianrui and Zhang, Haoci and Sellam, Thibault and Wu, Eugene},
  booktitle={Proceedings of the 2019 International Conference on Management of Data},
  pages={988--1005},
  year={2019}
}

@article{Satyanarayan2017VegaLiteAG,
  title={Vega-Lite: A Grammar of Interactive Graphics},
  author={A. Satyanarayan and Dominik Moritz and Kanit Wongsuphasawat and J. Heer},
  journal={IEEE Transactions on Visualization and Computer Graphics},
  year={2017},
  volume={23},
  pages={341-350}
}

@article{Chen2020MonteCT,
  title={Monte Carlo Tree Search for Generating Interactive Data Analysis Interfaces},
  author={Yiru Chen and Eugene Wu},
  journal={Proceedings of the 2020 ACM SIGMOD International Conference on Management of Data},
  year={2020}
}

@article{Bostock2011DDD,
  title={D3 Data-Driven Documents},
  author={M. Bostock and Vadim Ogievetsky and J. Heer},
  journal={IEEE Transactions on Visualization and Computer Graphics},
  year={2011},
  volume={17},
  pages={2301-2309}
}

@inproceedings{Comber1997LayoutCD,
  title={Layout Complexity: Does It Measure Usability?},
  author={Tim Comber and John R. Maltby},
  booktitle={INTERACT},
  year={1997}
}

@inproceedings{Murray2013TableauYD,
  title={Tableau Your Data!: Fast and Easy Visual Analysis with Tableau Software},
  author={Daniel Murray},
  year={2013} 
}

@article{Stolte2008PolarisAS,
  title={Polaris: a system for query, analysis, and visualization of multidimensional databases},
  author={C. Stolte and Diane Tang and P. Hanrahan},
  journal={Commun. ACM},
  year={2008},
  volume={51},
  pages={75-84}
}

@article{Zong2019Lyra2D,
  title={Lyra 2: Designing Interactive Visualizations by Demonstration},
  author={Jonathan Zong and D. Barnwal and Rupayan Neogy and A. Satyanarayan},
  journal={IEEE Transactions on Visualization and Computer Graphics},
  year={2021},
  volume={27},
  pages={304-314}
}

@inproceedings{Christodoulakis2017VIQSVI,
  title={VIQS: Visual Interactive Exploration of Query Semantics},
  author={Christina Christodoulakis and Eser Kandogan and Ignacio G. Terrizzano and Ren{\'e}e J. Miller},
  booktitle={ESIDA@IUI},
  year={2017}
}

@inproceedings{Yang2007NuggetDI,
  title={Nugget discovery in visual exploration environments by query consolidation},
  author={Di Yang and Elke A. Rundensteiner and Matthew O. Ward},
  booktitle={CIKM},
  year={2007}
}

@inproceedings{Kocsis2006BanditBM,
  title={Bandit Based Monte-Carlo Planning},
  author={Levente Kocsis and Csaba Szepesv{\'a}ri},
  booktitle={ECML},
  year={2006}
}

@inproceedings{Kocsis2006ImprovedMS,
  title={Improved Monte-Carlo Search},
  author={Levente Kocsis and Csaba Szepesv{\'a}ri and Jan Willemson},
  year={2006}
}

@inproceedings{Gajos2004SUPPLEAG,
  title={SUPPLE: automatically generating user interfaces},
  author={Krzysztof Z Gajos and Daniel S. Weld},
  booktitle={IUI '04},
  year={2004}
}

@article{Sarikaya2018WhatDW,
  title={What Do We Talk About When We Talk About Dashboards?},
  author={Alper Sarikaya and Michael Correll and Lyn Bartram and Melanie Tory and Danyel Fisher},
  journal={IEEE Transactions on Visualization and Computer Graphics},
  year={2018},
  volume={25},
  pages={682-692}
}

@article{Eichmann2020IDEBenchAB,
  title={IDEBench: A Benchmark for Interactive Data Exploration},
  author={Philipp Eichmann and Carsten Binnig and T. Kraska and Emanuel Zgraggen},
  journal={Proceedings of the 2020 ACM SIGMOD International Conference on Management of Data},
  year={2020}
}

@article{matteson2010depmap,
  title={DepMap: Dependency Mapping of Applications Using Operating System Events},
  author={Matteson, Ryan},
  year={2010}
}

@book{kuan2012learning,
  title={Learning Highcharts},
  author={Kuan, Joseph},
  year={2012},
  publisher={Packt Publishing Ltd}
}

@book{nadhani2012fusioncharts,
  title={FusionCharts Beginner's Guide: The Official Guide for FusionCharts Suite},
  author={Nadhani, Sanket and Nadhani, Pallav},
  year={2012},
  publisher={Packt Publishing Ltd}
}

@article{sievert2017plotly,
  title={plotly: Create Interactive Web Graphics via ‘plotly. js’},
  author={Sievert, Carson and Parmer, Chris and Hocking, Toby and Chamberlain, Scott and Ram, Karthik and Corvellec, Marianne and Despouy, Pedro},
  journal={R package version},
  volume={4},
  number={1},
  pages={110},
  year={2017}
}

@article{Browne2012ASO,
  title={A Survey of Monte Carlo Tree Search Methods},
  author={Cameron Browne and Edward Jack Powley and Daniel Whitehouse and Simon M. Lucas and Peter I. Cowling and Philipp Rohlfshagen and Stephen Tavener and Diego Perez Liebana and Spyridon Samothrakis and Simon Colton},
  journal={IEEE Transactions on Computational Intelligence and AI in Games},
  year={2012},
  volume={4},
  pages={1-43}
}


@article{Gajos2007AutomaticallyGU,
  title={Automatically generating user interfaces adapted to users' motor and vision capabilities},
  author={Krzysztof Z Gajos and J. Wobbrock and Daniel S. Weld},
  journal={Proceedings of the 20th annual ACM symposium on User interface software and technology},
  year={2007}
}

@article{Gajos2010AutomaticallyGP,
  title={Automatically generating personalized user interfaces with Supple},
  author={Krzysztof Z. Gajos and Daniel S. Weld and Jacob O. Wobbrock},
  journal={Artif. Intell.},
  year={2010},
  volume={174},
  pages={910-950} 
}

@inproceedings{schadd2008single,
  title={Single-player monte-carlo tree search},
  author={Schadd, Maarten PD and Winands, Mark HM and Van Den Herik, H Jaap and Chaslot, Guillaume MJ-B and Uiterwijk, Jos WHM},
  booktitle={International Conference on Computers and Games},
  pages={1--12},
  year={2008},
  organization={Springer}
}


@article{Ke2013SeeDBAS,
  title={SeeDB: a simple and morphology-preserving optical clearing agent for neuronal circuit reconstruction},
  author={Meng-Tsen Ke and Satoshi Fujimoto and T. Imai},
  journal={Nature Neuroscience},
  year={2013},
  volume={16},
  pages={1154-1161}
}

@article{Yi2007TowardAD,
  title={Toward a Deeper Understanding of the Role of Interaction in Information Visualization},
  author={J. S. Yi and Y. Kang and J. Stasko and J. Jacko},
  journal={IEEE Transactions on Visualization and Computer Graphics},
  year={2007},
  volume={13},
  pages={1224-1231}
}

@article{Sears1993LayoutAA,
  title={Layout Appropriateness: A Metric for Evaluating User Interface Widget Layout},
  author={A. Sears},
  journal={IEEE Trans. Software Eng.},
  year={1993},
  volume={19},
  pages={707-719}
}

@article{bjornsson2009cadiaplayer,
  title={Cadiaplayer: A simulation-based general game player},
  author={Bjornsson, Yngvi and Finnsson, Hilmar},
  journal={IEEE Transactions on Computational Intelligence and AI in Games},
  volume={1},
  number={1},
  pages={4--15},
  year={2009},
  publisher={IEEE}
}

@article{Kirkpatrick1983OptimizationBS,
  title={Optimization by Simulated Annealing},
  author={S. Kirkpatrick and C. D. Gelatt and M. P. Vecchi},
  journal={Science},
  year={1983},
  volume={220},
  pages={671 - 680}
}

@techreport{bertin1983semiology,
  title={Semiology of graphics; diagrams networks maps},
  author={Bertin, Jacques},
  year={1983}
}


@article{york2000sloan,
  title={The sloan digital sky survey: Technical summary},
  author={York, Donald G and Adelman, J and Anderson Jr, John E and Anderson, Scott F and Annis, James and Bahcall, Neta A and Bakken, JA and Barkhouser, Robert and Bastian, Steven and Berman, Eileen and others},
  journal={The Astronomical Journal},
  volume={120},
  number={3},
  pages={1579},
  year={2000},
  publisher={IOP Publishing}
}

@article{Jin2017FoofahTD,
  title={Foofah: Transforming Data By Example},
  author={Zhongjun Jin and Michael R. Anderson and Michael J. Cafarella and H. Jagadish},
  journal={Proceedings of the 2017 ACM International Conference on Management of Data},
  year={2017}
}



@misc{Vegamark,
  title        = {Vega-lite Mark Types},
  howpublished        = {\url{https://vega.github.io/vega-lite/docs/mark.html}},
  year         = 2022,
  author       = {Vega-lite},
}


@misc{hexchart,
  title        = {Hex Chart Cells},
  howpublished        = {\url{https://learn.hex.tech/docs/logic-cell-types/display-cells/chart-cells}},
  year         = 2022,
  author       = {Hex},
}


@misc{hexsql,
  title        = {Hex Parameterize Sql},
  howpublished        = {\url{https://learn.hex.tech/tutorials/connect-to-data/parameterize-sql}},
  year         = 2022,
  author       = {Hex},
}

@misc{tableau,
  title        = {Tableau Software},
  howpublished        = {\url{http://www.tableausoftware.com/}},
  year         = 2012,
  author       = {Tableau},
}
@misc{sdssmanual,
  title        = {Search Form User Guide},
  howpublished = {\url{http://skyserver.sdss.org/dr14/en/tools/search/form/guide.aspx}},
  author          = {SDSS},
}
@misc{sdssform,
  title        = {SDSS Search Form Interface},
  howpublished = {\url{http://skyserver.sdss.org/dr14/en/tools/search/form/searchform.aspx}},
  year=2021,
  author          = {SDSS},
}
@misc{sdsslog,
  title        = {SDSS Log Viewer},
  howpublished = {{\url http://cluster.ischool.drexel.edu/~jz85/SDSSLogViewer/data.html}},
  year=2021,
  author          = {SDSS},
}
@misc{sdss,
  title        = {Sloan Digital Sky Survey, 2017},
  howpublished = {{\url http://www.sdss.org/}},
  year=2021,
  author          = {SDSS},
}
@misc{ontime,
  title        = {On-Time : Reporting Carrier On-Time Performance (1987-present)},
  howpublished = {\url{https://transtats.bts.gov/DL_SelectFields.asp?Table_ID=236&DB_Short_Name=On-Time}},
  author = {Bereau of Transportation Statistics},
  year=2021
}
@misc{mapd-code,
  title        = {omnisci/mapd-crossfilter},
  howpublished = {\url{https://github.com/omnisci/mapd-crossfilter/blob/master/src/mapd-crossfilter.js}},
  author          = {MapD},
  year=2021
}
@book{adaptive1993,
  author = {Schneider-Hufschmidt, Matthias and Malinowski, Uwe and Kuhme, Thomas},
  title        = {Adaptive User Interfaces: Principles and Practice},
  year         = 1993,
  publisher    = {Elsevier Science Inc.},
  key          = {adaptive1993},
}
@book{hearst2009search,
  title        = {Search user interfaces},
  year         = 2009,
  author       = {Hearst, Marti},
  publisher    = {Cambridge University Press},
  key          = {hearst2009search},
}
@misc{d3express,
  title        = {Observable HQ, 2017},
  howpublished = {{\url https://beta.observablehq.com/}},
  url          = {{\url https://beta.observablehq.com/}},
  key          = {d3express},
}
@misc{eve,
  title        = {Eve: Programming designed for humans, 2017},
  howpublished = {{\url http://eve-lang.com/}},
  url          = {http://eve-lang.com/},
  key          = {eve},
}
@misc{britishmuseum,
  title        = {British Museum Semantic Web Collection Online, 2017},
  howpublished = {{\url http://collection.britishmuseum.org/}},
  url          = {{\url http://collection.britishmuseum.org/}},
  key          = {britishmuseum},
}
@misc{googlefinance,
  title        = {Google Finance, 2017},
  howpublished = {{\url https://finance.google.com/}},
  url          = {{\url https://finance.google.com/}},
  key          = {googlefinance},
}
@misc{unparse,
  title        = {pyPEG: a PEG Parser-Interpreter in Python, 2013},
  howpublished = {{\url https://fdik.org/pyPEG/index.html}},
  url          = {{\url https://fdik.org/pyPEG/index.html}},
  key          = {unparse},
}
@book{thomas2001introduction,
  title        = {Introduction to algorithms},
  year         = 2001,
  author       = {Thomas H.. Cormen and Leiserson, Charles Eric and
    Rivest, Ronald L and Stein, Clifford},
  publisher    = {MIT press Cambridge},
  key          = {thomas2001introduction},
}
@book{shneiderman2010designing,
  title        = {Designing the user interface: strategies for
    effective human-computer interaction},
  year         = 2010,
  author       = {Shneiderman, Ben},
  publisher    = {Pearson Education India},
  key          = {shneiderman2010designing},
}
@misc{squarecrossfilter,
  title        = {Crossfilter: Fast multidimensional filtering for
    coordinated views, 2013},
  author       = {Square, I},
  key          = {squarecrossfilter},
}
@book{norman1988psychology,
  title        = {The psychology of everyday things},
  year         = 1988,
  author       = {Norman, Donald A},
  publisher    = {Basic books},
  key          = {norman1988psychology},
}
@inproceedings{puerta1994model,
  title        = {Model-based automated generation of user interfaces},
  year         = 1994,
  booktitle    = {AAAI},
  author       = {Puerta, Angel R and Eriksson, Henrik and Gennari,
    John H and Musen, Mark A},
}
@inproceedings{chaudhuri1998autoadmin,
  title        = {AutoAdmin ``what-if'' index analysis utility},
  year         = 1998,
  booktitle    = {SIGMOD Record},
  author       = {Chaudhuri, Surajit and Narasayya, Vivek},
}
@inproceedings{myers2000past,
  title        = {Past, present, and future of user interface software
    tools},
  year         = 2000,
  booktitle    = {TOCHI},
  author       = {Myers, Brad and Hudson, Scott E and Pausch, Randy},
  publisher    = {ACM},
}
@inproceedings{gajos2010automatically,
  title        = {Automatically generating personalized user
    interfaces with Supple},
  year         = 2010,
  booktitle    = {Artificial Intelligence},
  author       = {Gajos, Krzysztof Z and Weld, Daniel S and Wobbrock,
    Jacob O},
}
@inproceedings{Fourney2011CharacterizingTU,
  title        = {Characterizing the usability of interactive
    applications through query log analysis},
  year         = 2011,
  booktitle    = {CHI},
  author       = {Adam Fourney and Richard Mann and Michael A. Terry},
}
@inproceedings{John2017AvaFD,
  title        = {Ava: From Data to Insights Through Conversations},
  year         = 2017,
  booktitle    = {CIDR},
  author       = {Rogers Jeffrey Leo John and Navneet Potti and
    Jignesh M. Patel},
}
@inproceedings{mavlyutovdependency,
  title        = {Dependency-Driven Analytics: a Compass for Uncharted
    Data Oceans},
  year         = 2017,
  booktitle    = {CIDR},
  author       = {Mavlyutov, Ruslan and Curino, Carlo and Asipov,
    Boris and Cudre-Mauroux, Philippe},
}
@inproceedings{ground,
  title        = {Ground: A Data Context Service},
  year         = 2017,
  booktitle    = {CIDR},
  author       = {Joseph M. Hellerstein and Vikram Sreekanti and
    Joseph E. Gonzalez and James Dalton and Akon Dey and Sreyashi Nag
    and Krishna Ramachandran and Sudhanshu Arora and Arka
    Bhattacharyya and Shirshanka Das and Mark Donsky and Gabriel
    Fierro and Chang She and Carl Steinbach and Venkat Subramanian and
    Eric Sun},
}
@inproceedings{heer2015predictive,
  title        = {Predictive Interaction for Data Transformation.},
  year         = 2015,
  booktitle    = {CIDR},
  author       = {Heer, Jeffrey and Hellerstein, Joseph M and Kandel,
    Sean},
}
@inproceedings{chang2015shiny,
  title        = {shiny: Web Application Framework for R, 2015},
  year         = 2015,
  booktitle    = {CRAN},
  author       = {Chang, Winston and Cheng, Joe and Allaire, J and
    Xie, Yihui and McPherson, Jonathan and others},
}
@inproceedings{Khoussainova2009ACF,
  title        = {A Case for A Collaborative Query Management System.},
  year         = 2009,
  booktitle    = {CoRR},
  author       = {Nodira Khoussainova and Magdalena Balazinska and
    Wolfgang Gatterbauer and YongChul Kwon and Dan Suciu},
}
@inproceedings{ong2014sqlpp,
  title        = {The SQL++ unifying semi-structured query language,
    and an expressiveness benchmark of SQL-on-Hadoop, NoSQL and NewSQL
    databases},
  year         = 2014,
  booktitle    = {CoRR},
  author       = {Ong, Kian Win and Papakonstantinou, Yannis and
    Vernoux, Romain},
}
@inproceedings{crespi1973use,
  title        = {The use of grammatical inference for designing
    programming languages},
  year         = 1973,
  booktitle    = {Communications of the ACM},
  author       = {Crespi-Reghizzi, Stefano and Melkanoff, Michel A.
    and Lichten, Larry},
}
@inproceedings{resnick2009scratch,
  title        = {Scratch: programming for all},
  year         = 2009,
  booktitle    = {Communications of the ACM},
  author       = {Resnick, Mitchel and Maloney, John and
    Monroy-Hern{\'a}ndez, Andr{\'e}s and Rusk, Natalie and Eastmond,
    Evelyn and Brennan, Karen and Millner, Amon and Rosenbaum, Eric
    and Silver, Jay and Silverman, Brian and others},
  publisher    = {ACM},
}
@inproceedings{evans1989best,
  title        = {What best predicts computer proficiency?},
  year         = 1989,
  booktitle    = {Communications of the ACM},
  author       = {Evans, Gerald E and Simkin, Mark G},
}
@inproceedings{jones1999improving,
  title        = {Improving Web interaction on small displays},
  year         = 1999,
  booktitle    = {Computer Networks},
  author       = {Jones, Matt and Marsden, Gary and Mohd-Nasir,
    Norliza and Boone, Kevin and Buchanan, George},
}
@inproceedings{scheidegger2008tackling,
  title        = {Tackling the provenance challenge one layer at a
    time},
  year         = 2008,
  booktitle    = {Concurrency and Computation: Practice and Experience},
  author       = {Scheidegger, Carlos and Koop, David and Santos,
    Emanuele and Vo, Huy and Callahan, Steven and Freire, Juliana and
    Silva, Cl{\'a}udio},
  publisher    = {Wiley Online Library},
}
@inproceedings{vanderdonckt1994automatic,
  title        = {Automatic generation of a user interface for highly
    interactive business-oriented applications},
  year         = 1994,
  booktitle    = {CHI},
  author       = {Vanderdonckt, Jean},
}
@inproceedings{malviya2014rethinking,
  title        = {Rethinking main memory oltp recovery},
  year         = 2014,
  booktitle    = {ICDE},
  author       = {Malviya, Nirmesh and Weisberg, Ariel and Madden,
    Samuel and Stonebraker, Michael},
}
@inproceedings{schneiderman1986eight,
  title        = {Eight golden rules of interface design},
  year         = 1986,
  booktitle    = {Disponible en},
  author       = {Schneiderman, Ben},
}
@inproceedings{hellerstein2007architecture,
  title        = {Architecture of a database system},
  year         = 2007,
  booktitle    = {Foundations and Trends in Databases},
  author       = {Hellerstein, Joseph M and Stonebraker, Michael and
    Hamilton, James and others},
}
@inproceedings{cai2016survey,
  title        = {A survey of query auto completion in information
    retrieval},
  year         = 2016,
  booktitle    = {Foundations and Trends in IR},
  author       = {Cai, Fei and de Rijke, Maarten and others},
  publisher    = {Now Publishers, Inc.},
}
@inproceedings{hudak1997domain,
  title        = {Domain-specific languages},
  year         = 1997,
  booktitle    = {Handbook of Programming Languages},
  author       = {Hudak, Paul},
}
@inproceedings{cleaveland1988building,
  title        = {Building application generators},
  year         = 1988,
  booktitle    = {IEEE Software},
  author       = {Cleaveland, J Craig},
  publisher    = {IEEE},
}
@inproceedings{lam2008framework,
  title        = {A framework of interaction costs in information
    visualization},
  year         = 2008,
  booktitle    = {TVCG},
  author       = {Lam, Heidi},
}
@inproceedings{wongsuphasawat2016voyager,
  title        = {Voyager: Exploratory analysis via faceted browsing
    of visualization recommendations},
  year         = 2016,
  booktitle    = {TVCG},
  author       = {Wongsuphasawat, Kanit and Moritz, Dominik and Anand,
    Anushka and Mackinlay, Jock and Howe, Bill and Heer, Jeffrey},
}
@inproceedings{Jayapandian2006AutomatingTD,
  title        = {Automating the Design and Construction of Query
    Forms},
  year         = 2006,
  booktitle    = {TKDE},
  author       = {Magesh Jayapandian and H. V. Jagadish},
}
@inproceedings{sears1993layout,
  title        = {Layout appropriateness: A metric for evaluating user
    interface widget layout},
  year         = 1993,
  booktitle    = {TSE},
  author       = {Sears, Andrew},
}
@inproceedings{stolte2002polaris,
  title        = {Polaris: A system for query, analysis, and
    visualization of multidimensional relational databases},
  year         = 2002,
  booktitle    = {TVCG},
  author       = {Stolte, Chris and Tang, Diane and Hanrahan, Pat},
  publisher    = {IEEE},
}
@inproceedings{eirinaki2014querie,
  title        = {Querie: Collaborative database exploration},
  year         = 2014,
  booktitle    = {TKDE},
  author       = {Eirinaki, Magdalini and Abraham, Suju and Polyzotis,
    Neoklis and Shaikh, Naushin},
  publisher    = {IEEE},
}
@inproceedings{Moritz2018FormalizingVD,
  title        = {Formalizing Visualization Design Knowledge as
    Constraints: Actionable and Extensible Models in Draco.},
  year         = 2018,
  booktitle    = {TVCG},
  author       = {Dominik Moritz and Chenglong Wang and Greg L. Nelson
    and H. Lin and Adam M. Smith and Bill Howe and Jeffrey Heer},
}
@inproceedings{bostock2011d3,
  title        = {D$^3$ data-driven documents},
  year         = 2011,
  booktitle    = {TVCG},
  author       = {Bostock, Michael and Ogievetsky, Vadim and Heer,
    Jeffrey},
  publisher    = {IEEE},
}
@inproceedings{kumar2011flexible,
  title        = {Flexible tree matching},
  year         = 2011,
  booktitle    = {IJCAI},
  author       = {Kumar, Ranjitha and Talton, Jerry O and Ahmad,
    Salman and Roughgarden, Tim and Klemmer, Scott R},
}
@inproceedings{parush1998evaluating,
  title        = {Evaluating the layout of graphical user interface
    screens: Validation of a numerical computerized model},
  year         = 1998,
  booktitle    = {IJHCI},
  author       = {Parush, Avraham and Nadir, Ronen and Shtub, Avraham},
  publisher    = {Taylor \& Francis},
}
@inproceedings{rosenholtz2007measuring,
  title        = {Measuring visual clutter},
  year         = 2007,
  booktitle    = {Journal of vision},
  author       = {Rosenholtz, Ruth and Li, Yuanzhen and Nakano, Lisa},
}
@inproceedings{baxter2003comparison,
  title        = {A comparison of fast blocking methods for record
    linkage},
  year         = 2003,
  booktitle    = {KDD},
  author       = {Baxter, Rohan and Christen, Peter and Churches, Tim
    and others},
}
@inproceedings{alspaugh2014better,
  title        = {Better logging to improve interactive data analysis
    tools},
  year         = 2014,
  booktitle    = {IDEA},
  author       = {Alspaugh, Sara and Ganapathi, Archana and Hearst,
    Marti A and Katz, Randy},
}
@inproceedings{card1983psychology,
  title        = {The psychology of human-computer interaction},
  year         = 1983,
  booktitle    = {L. Erlbaum Associates Inc.},
  author       = {Card, Stuart K and Newell, Allen and Moran, Thomas P},
}
@inproceedings{alspaugh2014analyzing,
  title        = {Analyzing Log Analysis: An Empirical Study of User
    Log Mining.},
  year         = 2014,
  booktitle    = {LISA},
  author       = {Alspaugh, Sara and Di Chen, Bei and Lin, Jessica and
    Ganapathi, Archana and Hearst, Marti A and Katz, Randy H},
}
@inproceedings{berwick1987learning,
  title        = {Learning syntax by automata induction},
  year         = 1987,
  booktitle    = {Machine learning},
  author       = {Berwick, Robert C and Pilato, Sam},
  publisher    = {Springer},
}
@inproceedings{zaki2001spade,
  title        = {SPADE: An efficient algorithm for mining frequent
    sequences},
  year         = 2001,
  booktitle    = {Machine learning},
  author       = {Zaki, Mohammed J},
}
@inproceedings{bates1989design,
  title        = {The design of browsing and berrypicking techniques
    for the online search interface},
  year         = 1989,
  booktitle    = {Online Information Review},
  author       = {Bates, Marcia J},
}
@inproceedings{Akbarnejad2010SQLQR,
  title        = {SQL QueRIE Recommendations},
  year         = 2010,
  booktitle    = {PVLDB},
  author       = {Javad Akbarnejad and Gloria Chatzopoulou and
    Magdalini Eirinaki and Suju Koshy and Sarika Mittal and Duc On and
    Neoklis Polyzotis and Jothi Swarubini Vindhiya Varman},
}
@inproceedings{yang2009recommending,
  title        = {Recommending join queries via query log analysis},
  year         = 2009,
  booktitle    = {ICDE},
  author       = {Yang, Xiaoyan and Procopiuc, Cecilia M and
    Srivastava, Divesh},
}
@inproceedings{weld2003automatically,
  title        = {Automatically personalizing user interfaces},
  year         = 2003,
  booktitle    = {IJCAI},
  author       = {Weld, Daniel and Anderson, Corin and Domingos, Pedro
    and Etzioni, Oren and Gajos, Krzysztof Z and Lau, Tessa and
    Wolfman, Steve},
}
@inproceedings{kim1993providing,
  title        = {Providing high-level control and expert assistance
    in the user interface presentation design},
  year         = 1993,
  booktitle    = {INTERACT},
  author       = {Kim, Won Chul and Foley, James D},
}
@inproceedings{nichols2004improving,
  title        = {Improving automatic interface generation with smart
    templates},
  year         = 2004,
  booktitle    = {IUI},
  author       = {Nichols, Jeffrey and Myers, Brad A and Litwack,
    Kevin},
}
@inproceedings{nichols2006uniform,
  title        = {UNIFORM: automatically generating consistent remote
    control user interfaces},
  year         = 2006,
  booktitle    = {CHI},
  author       = {Nichols, Jeffrey and Myers, Brad A and Rothrock,
    Brandon},
}
@inproceedings{zanden1990automatic,
  title        = {Automatic, look-and-feel independent dialog creation
    for graphical user interfaces},
  year         = 1990,
  booktitle    = {CHI},
  author       = {Zanden, Brad Vander and Myers, Brad A},
}
@inproceedings{dimitriadou2014explore,
  title        = {Explore-by-example: An automatic query steering
    framework for interactive data exploration},
  year         = 2014,
  booktitle    = {SIGMOD},
  author       = {Dimitriadou, Kyriaki and Papaemmanouil, Olga and
    Diao, Yanlei},
}
@inproceedings{idreos2015overview,
  title        = {Overview of data exploration techniques},
  year         = 2015,
  booktitle    = {SIGMOD},
  author       = {Idreos, Stratos and Papaemmanouil, Olga and
    Chaudhuri, Surajit},
}
@inproceedings{jayapandian2008automated,
  title        = {Automated creation of a forms-based database query
    interface},
  year         = 2008,
  booktitle    = {PVLDB},
  author       = {Jayapandian, Magesh and Jagadish, HV},
  publisher    = {VLDB Endowment},
}
@inproceedings{khoussainova2010snipsuggest,
  title        = {SnipSuggest: context-aware autocompletion for SQL},
  year         = 2010,
  booktitle    = {PVLDB},
  author       = {Khoussainova, N. and Kwon, Y.C. and Balazinska, M.
    and Suciu, D.},
}
@inproceedings{vartak2015see,
  title        = {SeeDB: Efficient Data-driven Visualization
    Recommendations to Support Visual Analytics},
  year         = 2015,
  booktitle    = {PVLDB},
  author       = {Vartak, Manasi and Rahman, Sajjadur and Madden,
    Samuel and Parameswaran, Aditya and Polyzotis, Neoklis},
}
@inproceedings{jin2017foofah,
  title        = {Foofah: Transforming data by example},
  year         = 2017,
  booktitle    = {SIGMOD},
  author       = {Jin, Zhongjun and Anderson, Michael R and Cafarella,
    Michael and Jagadish, HV},
}
@inproceedings{gajos2007automatically,
  title        = {Automatically generating user interfaces adapted to
    users' motor and vision capabilities},
  year         = 2007,
  booktitle    = {UIST},
  author       = {Gajos, Krzysztof Z and Wobbrock, Jacob O and Weld,
    Daniel S},
}
@inproceedings{yeh2009sikuli,
  title        = {Sikuli: using GUI screenshots for search and
    automation},
  year         = 2009,
  booktitle    = {UIST},
  author       = {Yeh, Tom and Chang, Tsung-Hsiang and Miller, Robert
    C},
}
@inproceedings{chirigati2016knowledge,
  title        = {Knowledge exploration using tables on the web},
  year         = 2016,
  booktitle    = {PVLDB},
  author       = {Chirigati, Fernando and Liu, Jialu and Korn, Flip
    and Wu, You Will and Yu, Cong and Zhang, Hao},
}
@inproceedings{peytchev2006web,
  title        = {Web survey design paging versus scrolling},
  year         = 2006,
  booktitle    = {Public opinion quarterly},
  author       = {Peytchev, Andy and Couper, Mick P and McCabe, Sean
    Esteban and Crawford, Scott D},
}
@inproceedings{callahan2006vistrails,
  title        = {VisTrails: visualization meets data management},
  year         = 2006,
  booktitle    = {SIGMOD},
  author       = {Callahan, Steven P and Freire, Juliana and Santos,
    Emanuele and Scheidegger, Carlos E and Silva, Cl{\'a}udio T and
    Vo, Huy T},
}
@inproceedings{mondal2012managing,
  title        = {Managing large dynamic graphs efficiently},
  year         = 2012,
  booktitle    = {SIGMOD},
  author       = {Mondal, Jayanta and Deshpande, Amol},
}
@inproceedings{Zhang2018PrecisionIF,
  title        = {Precision Interfaces for Different Modalities},
  year         = 2018,
  booktitle    = {SIGMOD},
  author       = {Haoci Zhang and Viraj Raj and Thibault Sellam and
    Eugene Wu},
}

@inproceedings{Jagadish2007MakingDS,
  title        = {Making database systems usable},
  year         = 2007,
  booktitle    = {SIGMOD},
  author       = {H. V. Jagadish and Adriane Chapman and Aaron Elkiss
    and Magesh Jayapandian and Yunyao Li and Arnab Nandi and Cong Yu},
}
@inproceedings{ives2008orchestra,
  title        = {The ORCHESTRA collaborative data sharing system},
  year         = 2008,
  booktitle    = {SIGMOD Record},
  author       = {Ives, Zachary G and Green, Todd J and Karvounarakis,
    Grigoris and Taylor, Nicholas E and Tannen, Val and Talukdar,
    Partha Pratim and Jacob, Marie and Pereira, Fernando},
}
@inproceedings{Khoussainova2011SessionBasedBF,
  title        = {Session-Based Browsing for More Effective Query
    Reuse},
  year         = 2011,
  booktitle    = {SSDBM},
  author       = {Nodira Khoussainova and YongChul Kwon and Wei-Ting
    Liao and Magdalena Balazinska and Wolfgang Gatterbauer and Dan
    Suciu},
}
@inproceedings{kuangusher,
  title        = {Usher: Improving data quality with dynamic forms},
  year         = 2011,
  booktitle    = {TKDE},
  author       = {Chen, Kuang and Chen, Harr and Conway, Neil and
    Hellerstein, Joseph M and Parikh, Tapan S},
}
@inproceedings{john1996goms,
  title        = {The GOMS family of user interface analysis
    techniques: Comparison and contrast},
  year         = 1996,
  booktitle    = {TOCHI},
  author       = {John, Bonnie E and Kieras, David E},
}
@inproceedings{zgraggen2014panoramicdata,
  title        = {Panoramicdata: Data analysis through pen \& touch},
  year         = 2014,
  booktitle    = {TVCG},
  author       = {Zgraggen, Emanuel and Zeleznik, Robert and Drucker,
    Steven M},
}
@inproceedings{mackinlay2007show,
  title        = {Show me: Automatic presentation for visual analysis},
  year         = 2007,
  booktitle    = {TVCG},
  author       = {Mackinlay, Jock and Hanrahan, Pat and Stolte, Chris},
}
@inproceedings{bille2005survey,
  title        = {A survey on tree edit distance and related problems},
  year         = 2005,
  booktitle    = {TCS},
  author       = {Bille, Philip},
  publisher    = {Elsevier},
}
@inproceedings{mackinlay1986automating,
  title        = {Automating the design of graphical presentations of
    relational information},
  year         = 1986,
  booktitle    = {Transactions On Graphics},
  author       = {Mackinlay, Jock},
}
@inproceedings{muniswamy2006provenance,
  title        = {Provenance-aware storage systems.},
  year         = 2006,
  booktitle    = {USENIX},
  author       = {Muniswamy-Reddy, Kiran-Kumar and Holland, David A
    and Braun, Uri and Seltzer, Margo I},
}
@inproceedings{spool2005makes,
  title        = {What makes a design seem 'intuitive'},
  year         = 2005,
  booktitle    = {User Interface Engineering},
  author       = {Spool, Jared M},
}
@inproceedings{raman2001potter,
  title        = {Potter's wheel: An interactive data cleaning system},
  year         = 2001,
  booktitle    = {VLDB},
  author       = {Raman, Vijayshankar and Hellerstein, Joseph M},
}
@inproceedings{siddiqui2016effortless,
  title        = {Effortless data exploration with zenvisage: an
    expressive and interactive visual analytics system},
  year         = 2016,
  booktitle    = {VLDB},
  author       = {Siddiqui, Tarique and Kim, Albert and Lee, John and
    Karahalios, Karrie and Parameswaran, Aditya},
}

@inproceedings{swearngin2020scout,
  title={Scout: Rapid Exploration of Interface Layout Alternatives through High-Level Design Constraints},
  author={Swearngin, Amanda and Wang, Chenglong and Oleson, Alannah and Fogarty, James and Ko, Amy J},
  booktitle={Proceedings of the 2020 CHI Conference on Human Factors in Computing Systems},
  pages={1--13},
  year={2020}
}

@inproceedings{hibino1999task,
  title={Task analysis for information visualization},
  author={Hibino, Stacie L},
  booktitle={International Conference on Advances in Visual Information Systems},
  pages={139--146},
  year={1999},
  organization={Springer}
}

@article{schulz2013design,
  title={A design space of visualization tasks},
  author={Schulz, Hans-J{\"o}rg and Nocke, Thomas and Heitzler, Magnus and Schumann, Heidrun},
  journal={IEEE Transactions on Visualization and Computer Graphics},
  volume={19},
  number={12},
  pages={2366--2375},
  year={2013},
  publisher={IEEE}
}

@article{treinish1999task,
  title={Task-specific visualization design},
  author={Treinish, Lloyd A},
  journal={IEEE Computer Graphics and Applications},
  volume={19},
  number={5},
  pages={72--77},
  year={1999},
  publisher={IEEE}
}


@misc{sqlkernel,
  title        = {A Jupyter kernel for SQLite}, 
  howpublished = {\url{https://github.com/jupyter-xeus/xeus-sql}},
  year=2021
}

@misc{hex,
  howpublished = {\url{https://hex.tech/}},
  title        = {Hex Technologies},
  year         = {2021}
}

@misc{count,
  howpublished = {\url{https://count.co/}},
  title        = {Count – The SQL notebook},
  year         = {2021}
}

@misc{sqlnotebook,
  howpublished = {\url{https://sqlnotebook.com/}},
  title        = {SQL Notebook },
  year         = {2021}
}

@article{lee2021lux,
  title={Lux: Always-on Visualization Recommendations for Exploratory Data Science},
  author={Lee, Doris Jung-Lin and Tang, Dixin and Agarwal, Kunal and others},
  journal={VLDB},
  year={20}
}


@article{knuth1984literate,
  title={Literate programming},
  author={Knuth, Donald Ervin},
  journal={The computer journal},
  volume={27},
  number={2},
  pages={97--111},
  year={1984},
  publisher={Oxford University Press}
}



@article{segel2010narrative,
  title={Narrative visualization: Telling stories with data},
  author={Segel, Edward and Heer, Jeffrey},
  journal={IEEE transactions on visualization and computer graphics},
  volume={16},
  number={6},
  year={2010},
  publisher={IEEE}
}


@article{yu2018spider,
  title={Spider: A large-scale human-labeled dataset for complex and cross-domain semantic parsing and text-to-sql task},
  author={Yu, Tao and Zhang, Rui and Yang, Kai and Yasunaga, Michihiro and Wang, Dongxu and Li, Zifan and Ma, James and Li, Irene and Yao, Qingning and Roman, Shanelle and others},
  journal={arXiv preprint arXiv:1809.08887},
  year={2018}
}


@inproceedings{aurisano2016articulate2,
  title={Articulate2: Toward a conversational interface for visual data exploration},
  author={Aurisano, Jillian and Kumar, Abhinav and Gonzalez, Alberto and Leigh, Jason and DiEugenio, Barbara and Johnson, Andrew},
  booktitle={IEEE Visualization},
  year={2016}
}

@article{cox2001multi,
  title={A multi-modal natural language interface to an information visualization environment},
  author={Cox, Kenneth and Grinter, Rebecca E and Hibino, Stacie L and Jagadeesan, Lalita Jategaonkar and Mantilla, David},
  journal={International Journal of Speech Technology},
  volume={4},
  number={3},
  pages={297--314},
  year={2001},
  publisher={Springer}
}

@article{gan2021natural,
  title={Natural SQL: Making SQL Easier to Infer from Natural Language Specifications},
  author={Gan, Yujian and Chen, Xinyun and Xie, Jinxia and Purver, Matthew and Woodward, John R and Drake, John and Zhang, Qiaofu},
  journal={arXiv preprint arXiv:2109.05153},
  year={2021}
}

@inproceedings{gao2015datatone,
  title={Datatone: Managing ambiguity in natural language interfaces for data visualization},
  author={Gao, Tong and Dontcheva, Mira and Adar, Eytan and Liu, Zhicheng and Karahalios, Karrie G},
  booktitle={Proceedings of the 28th annual acm symposium on user interface software \& technology},
  pages={489--500},
  year={2015}
}


@article{narechania2020nl4dv,
  title={NL4DV: A toolkit for generating analytic specifications for data visualization from natural language queries},
  author={Narechania, Arpit and Srinivasan, Arjun and Stasko, John},
  journal={IEEE Transactions on Visualization and Computer Graphics},
  volume={27},
  number={2},
  pages={369--379},
  year={2020},
  publisher={IEEE}
}

@inproceedings{setlur2016eviza,
  title={Eviza: A natural language interface for visual analysis},
  author={Setlur, Vidya and Battersby, Sarah E and Tory, Melanie and Gossweiler, Rich and Chang, Angel X},
  booktitle={Proceedings of the 29th annual symposium on user interface software and technology},
  pages={365--377},
  year={2016}
}

@inproceedings{srinivasan2017natural,
  title={Natural language interfaces for data analysis with visualization: Considering what has and could be asked},
  author={Srinivasan, Arjun and Stasko, John},
  booktitle={Proceedings of the Eurographics/IEEE VGTC conference on visualization: Short papers},
  pages={55--59},
  year={2017}
}


@inproceedings{sun2010articulate,
  title={Articulate: A semi-automated model for translating natural language queries into meaningful visualizations},
  author={Sun, Yiwen and Leigh, Jason and Johnson, Andrew and Lee, Sangyoon},
  booktitle={International Symposium on Smart Graphics},
  pages={184--195},
  year={2010},
  organization={Springer}
}


@article{Chen2021TSExplainSE,
  title={TSExplain: Surfacing Evolving Explanations for Time Series},
  author={Yiru Chen and Silu Huang},
  journal={Proceedings of the 2021 International Conference on Management of Data},
  year={2021}
}


@misc{brown2020language,
    title={Language Models are Few-Shot Learners},
    author={Tom B. Brown and Benjamin Mann and Nick Ryder and Melanie Subbiah and Jared Kaplan and Prafulla Dhariwal and Arvind Neelakantan and Pranav Shyam and Girish Sastry and Amanda Askell and Sandhini Agarwal and others},
    year={2020},
    eprint={2005.14165},
    archivePrefix={arXiv},
    primaryClass={cs.CL}
}

@misc{https://doi.org/10.48550/arxiv.2109.05153,
  doi = {10.48550/ARXIV.2109.05153},
  
  url = {https://arxiv.org/abs/2109.05153},
  
  author = {Gan, Yujian and Chen, Xinyun and Xie, Jinxia and Purver, Matthew and Woodward, John R. and Drake, John and Zhang, Qiaofu},
  
  keywords = {Computation and Language (cs.CL), FOS: Computer and information sciences, FOS: Computer and information sciences},
  
  title = {Natural SQL: Making SQL Easier to Infer from Natural Language Specifications},
  
  publisher = {arXiv},
  
  year = {2021},
  
  copyright = {arXiv.org perpetual, non-exclusive license}
}
